<record><leader>00000cas a22000007a 4500</leader><controlfield tag="001">2262075</controlfield><controlfield tag="008">760620d18431856pauwr ne      0    0eng d</controlfield><controlfield tag="009">54</controlfield><datafield ind1=" " ind2=" " tag="010"><subfield code="a">sn 85055004 </subfield></datafield><datafield ind1=" " ind2=" " tag="040"><subfield code="a">PIT</subfield><subfield code="b">eng</subfield><subfield code="c">PIT</subfield><subfield code="d">NPH</subfield><subfield code="d">DLC</subfield><subfield code="d">NPX</subfield><subfield code="d">NPH</subfield></datafield><datafield ind1="1" ind2=" " tag="029"><subfield code="a">AU@</subfield><subfield code="b">000025803092</subfield></datafield><datafield ind1=" " ind2=" " tag="042"><subfield code="a">msc</subfield></datafield><datafield ind1="0" ind2="0" tag="050"><subfield code="a">Newspaper 9375-X</subfield></datafield><datafield ind1="0" ind2=" " tag="130"><subfield code="a">Huntingdon globe (Huntingdon, Pa. : 1843)</subfield></datafield><datafield ind1="0" ind2="0" tag="245"><subfield code="a">Huntingdon globe.</subfield></datafield><datafield ind1="0" ind2="0" tag="246"><subfield code="a">Globe</subfield></datafield><datafield ind1=" " ind2=" " tag="260"><subfield code="a">[Huntingdon, Pa.] :</subfield><subfield code="b">L.G. Mytinger &amp; G.L. Gentzel,</subfield><subfield code="c">1843-1856.</subfield></datafield><datafield ind1=" " ind2=" " tag="300"><subfield code="a">13 v. ;</subfield><subfield code="c">57-60 cm.</subfield></datafield><datafield ind1=" " ind2=" " tag="310"><subfield code="a">Weekly</subfield></datafield><datafield ind1="0" ind2=" " tag="362"><subfield code="a">Vol. 1, no. 1 (Nov. 24, 1843)-v. 11, no. 52 (June 18, 1856).</subfield></datafield><datafield ind1=" " ind2=" " tag="500"><subfield code="a">"A family newspaper devoted to politics, literature, news, arts, sciences, agriculture, amusements, etc."</subfield></datafield><datafield ind1=" " ind2=" " tag="752"><subfield code="a">United States</subfield><subfield code="b">Pennsylvania</subfield><subfield code="c">Huntingdon</subfield><subfield code="d">Huntingdon.</subfield></datafield><datafield ind1="0" ind2="0" tag="785"><subfield code="t">Globe (Huntingdon, Pa.)</subfield><subfield code="w">(DLC)sn 83032114</subfield></datafield></record>